@misc{livemintwebsite,
    author    = "Leslie D'Monte",
    title     = "The Bible helps AI gain in translation",
    url       = {https://www.livemint.com/Technology/IwNaUDaJVZdcY64cwRvxtI/Bible-provides-divine-data-to-perfect-translation-algorith.html},
    year      = 2018
}

@misc{ebibledownload,
    author    = "ebible.org",
    title     = "Bible Translations",
    url       = {https://ebible.org/download.php},
    year      = 2022
}

@misc{crosswiremodules,
    author    = "crosswire.org",
    title     = "Bible Texts \& Translations",
    url       = {http://crosswire.org/sword/modules/ModDisp.jsp?modType=Bibles},
    year      = 2022
}

@misc{algonquinbible,
    author    = "Canadian Bible Society",
    title     = "Kije Manido Odikido8in: Ocki Mazinaigan",
    url       = {https://ebible.org/details.php?id=alqALGNT},
    year      = 1998
}


@misc{awabible,
    author    = "Wycliffe Bible Translators, Inc.",
    title     = "Masas Pit Jesucristowa",
    url       = {https://ebible.org/details.php?id=kwi},
    year      = 2002
}

@misc{lutherbible,
    author    = "Martin Luther",
    title     = "Luther Bibel 1912",
    url       = {https://ebible.org/details.php?id=deu1912},
    year      = 1912
}

@misc{webbible,
    author    = "World English Bible",
    title     = "The World English Bible",
    url       = {https://ebible.org/details.php?id=engwebp},
    year      = 2020
}


@misc{versecountergist,
    author    = "James Blackburn (aka jimbob88)",
    title     = "Verse Counter",
    url       = {https://gist.github.com/jimbob88/0242d21f43260e9d690d369dadd33f12},
    year      = 2022
}

@misc{gerbolut,
    author    = "Martin Luther",
    title     = "Luther Bibel 1545",
    url       = {http://crosswire.org/sword/modules/ModInfo.jsp?modName=GerBoLut},
    year      = 1545
}

@misc{biblemulticonverter,
    author    = "Michael Schierl",
    title     = "BibleMultiConverter",
    url       = {https://github.com/schierlm/BibleMultiConverter},
    year      = 2022
}