@misc{video,
	author = {, Drew},
	month = {09},
	title = {Some logical biconditional examples},
	url = {https://yewtu.be/watch?v=URiFhrykedU},
	urldate = {2022-10-09},
	year = {2022},
	organization = {YouTube}
}